@article{gunnar2006bringing,
  title={Bringing basic research on early experience and stress neurobiology to bear on preventive interventions for neglected and maltreated children},
  author={Gunnar, Megan R and Fisher, Philip A and others},
  journal={Development and psychopathology},
  volume={18},
  number={3},
  pages={651--677},
  year={2006},
  publisher={Cambridge University Press}
}

@article{cowell2015childhood,
  title={Childhood maltreatment and its effect on neurocognitive functioning: Timing and chronicity matter},
  author={Cowell, Raquel A and Cicchetti, Dante and Rogosch, Fred A and Toth, Sheree L},
  journal={Development and psychopathology},
  volume={27},
  number={2},
  pages={521--533},
  year={2015},
  publisher={Cambridge University Press}
}